%% Obtained via the getNewBibTeX script and the SPIRES biblio service

@Article{Phys.Rev.Lett.19.1264,
     author    = "Weinberg, Steven",
     title     = "A MODEL OF LEPTONS",
     journal   = "Phys. Rev. Lett.",
     volume    = "19",
     year      = "1967",
     pages     = "1264-1266",
     SLACcitation  = "%%CITATION = PRLTA,19,1264;%%"
}

@Article{Phys.Rev.D2.1285,
     author    = "Glashow, S. L. and Iliopoulos, J. and Maiani, L.",
     title     = "WEAK INTERACTIONS WITH LEPTON - HADRON SYMMETRY",
     journal   = "Phys. Rev.",
     volume    = "D2",
     year      = "1970",
     pages     = "1285-1292",
     SLACcitation  = "%%CITATION = PHRVA,D2,1285;%%"
}

@Article{hep-ph/0410370,
     author    = "Willenbrock, Scott",
     title     = "Symmetries of the standard model",
     year      = "2004",
     eprint    = "hep-ph/0410370",
     SLACcitation  = "%%CITATION = HEP-PH 0410370;%%"
}

@Article{Brianti:2004qq,
     author    = "Brianti, G.",
     title     = "The Large Hadron Collider project: Historical account",
     journal   = "Phys. Rept.",
     volume    = "403-404",
     year      = "2004",
     pages     = "349-364",
     SLACcitation  = "%%CITATION = PRPLC,403-404,349;%%"
}

@Article{Amato:1998xt,
     author    = "Amato, S. and others",
 collaboration = "LHCb",
     title     = "LHCb technical proposal",
     note     = "CERN-LHCC-98-4"
}



@Misc{hepthesis,
     author = "Buckley, Andy",
     title  = "The hepthesis {\LaTeX} class"
}




@article{Aaboud:2016zkn,
      author         = "Aaboud, Morad and others",
      title          = "{Search for new resonances in events with one lepton and
                        missing transverse momentum in $pp$ collisions at
                        $\sqrt{s} = 13$ TeV with the ATLAS detector}",
      collaboration  = "ATLAS",
      year           = "2016",
      eprint         = "1606.03977",
      archivePrefix  = "arXiv",
      primaryClass   = "hep-ex",
      reportNumber   = "CERN-PH-2016-143",
      SLACcitation   = "%%CITATION = ARXIV:1606.03977;%%"
}

@article{ATLAS-CONF-2015-063,
      key            = "1409825",
      author         = "The ATLAS collaboration",
      title          = "{Search for new resonances in events with one lepton and
                        missing transverse momentum in $pp$ collisions at $\sqrt s
                        = 13$ TeV with the ATLAS detector}",
      year           = "2015",
      reportNumber   = "ATLAS-CONF-2015-063",
      SLACcitation   = "%%CITATION = ATLAS-CONF-2015-063;%%"
}

@article{Alberghi:2016tad,
      author         = "Alberghi, G. L. and others",
      title          = "{Choice and characterization of photomultipliers for the
                        new ATLAS LUCID detector}",
      journal        = "JINST",
      volume         = "11",
      year           = "2016",
      number         = "05",
      pages          = "P05014",
      doi            = "10.1088/1748-0221/11/05/P05014",
      SLACcitation   = "%%CITATION = JINST,11,P05014;%%"
}

@article{arXiv:1506.03116,
      author         = "Abdallah, Jalal and others",
      title          = "{Simplified Models for Dark Matter Searches at the LHC}",
      journal        = "Phys. Dark Univ.",
      volume         = "9-10",
      year           = "2015",
      pages          = "8-23",
      doi            = "10.1016/j.dark.2015.08.001",
      eprint         = "1506.03116",
      archivePrefix  = "arXiv",
      primaryClass   = "hep-ph",
      reportNumber   = "FERMILAB-PUB-15-283-CD, CERN-PH-TH-2015-139",
      SLACcitation   = "%%CITATION = ARXIV:1506.03116;%%"
}

@article{arXiv:1512.00476,
      author         = "Bell, Nicole F. and Cai, Yi and Leane, Rebecca K.",
      title          = "{Mono-W Dark Matter Signals at the LHC: Simplified Model
                        Analysis}",
      journal        = "JCAP",
      volume         = "1601",
      year           = "2016",
      number         = "01",
      pages          = "051",
      doi            = "10.1088/1475-7516/2016/01/051",
      eprint         = "1512.00476",
      archivePrefix  = "arXiv",
      primaryClass   = "hep-ph",
      SLACcitation   = "%%CITATION = ARXIV:1512.00476;%%"
}

@article{arXiv:1503.07874,
      author         = "Bell, Nicole F. and Cai, Yi and Dent, James B. and Leane,
                        Rebecca K. and Weiler, Thomas J.",
      title          = "{Dark matter at the LHC: Effective field theories and
                        gauge invariance}",
      journal        = "Phys. Rev.",
      volume         = "D92",
      year           = "2015",
      number         = "5",
      pages          = "053008",
      doi            = "10.1103/PhysRevD.92.053008",
      eprint         = "1503.07874",
      archivePrefix  = "arXiv",
      primaryClass   = "hep-ph",
      SLACcitation   = "%%CITATION = ARXIV:1503.07874;%%"
}



@article{Baglin:1967027,
      author        = "Baglin, V and Bregliozzi, G and Chiggiato, P and Jimenez,
                       JM and Lanza, G",
      title         = "{CERN Vacuum-System Activities during the Long Shutdown 1:
                       The LHC Beam Vacuum}",
      number        = "CERN-ACC-2014-0254",
      pages         = "4 p",
      month         = "Nov",
      year          = "2014",
      reportNumber  = "CERN-ACC-2014-0254",
      url           = "https://cds.cern.ch/record/1967027"
}

@article{arduino,
      url           = "https://www.arduino.cc/"
}

@article{hamamatsu,
      author        = "Hamamatsu Handbook Edition 3a",
      title         = "{Photomultiplier tubes, Basics and applications}",
      url           = "https://www.hamamatsu.com/resources/pdf/etd/PMT_handbook_v3aE.pdf"
      
}

@article{TRT_electronics,
      author         = "Abat, E. and others",
      title          = "{The ATLAS TRT electronics}",
      journal        = "JINST",
      volume         = "3",
      year           = "2008",
      pages          = "P06007",
      doi            = "10.1088/1748-0221/3/06/P06007",
      SLACcitation   = "%%CITATION = JINST,3,P06007;%%"
}




@article{Aad:2008zzm,
      author         = "Aad, G. and others",
      title          = "{The ATLAS Experiment at the CERN Large Hadron Collider}",
      collaboration  = "ATLAS",
      journal        = "JINST",
      volume         = "3",
      year           = "2008",
      pages          = "S08003",
      doi            = "10.1088/1748-0221/3/08/S08003",
      SLACcitation   = "%%CITATION = JINST,3,S08003;%%"
}

@techreport{vanderMeer:296752,
      author        = "van der Meer, S",
      title         = "{Calibration of the effective beam height in the ISR}",
      institution   = "CERN",
      address       = "Geneva",
      number        = "CERN-ISR-PO-68-31. ISR-PO-68-31",
      year          = "1968",
      url           = "https://cds.cern.ch/record/296752",
}

@techreport{Rubbia:1025746,
      author        = "Rubbia, Carlo",
      title         = "{Measurement of the luminosity of p$-overline{p}$ collider
                       with a (generalized) Van der Meer Method}",
      institution   = "CERN",
      address       = "Geneva",
      number        = "CERN-p$\overline{p}$-Note-38",
      month         = "Nov",
      year          = "1977",
      url           = "http://cds.cern.ch/record/1025746",
}

@phdthesis{Cwetanski:962570,
      author        = "Cwetanski, Peter and Dittus, Fido and Orava, Risto",
      title         = "{Straw Performance Studies and Quality Assurance for the
                       ATLAS Transition Radiation Tracker}",
      school        = "Helsinki U.",
      address       = "Helsinki",
      year          = "2006",
      reportNumber  = "CERN-THESIS-2006-025",
      url           = "https://cds.cern.ch/record/962570",
      note          = "Presented on 22 Jun 2006",
}

@phdthesis{Alonso:1452211,
      author        = "Alonso, Alejandro and Smirnova, Oxana and Torsten,
                       Akesson",
      title         = "{Transition Radiation Tracker calibration, searches beyond
                       the Standard Model and multiparticle correlations in
                       ATLAS}",
      school        = "Lund U.",
      month         = "Apr",
      year          = "2012",
      reportNumber  = "CERN-THESIS-2012-056",
      url           = "https://cds.cern.ch/record/1452211",
      note          = "Presented 20 May 2012",
}


@article{Abat:2008zza,
      author         = "Abat, E. and others",
      title          = "{The ATLAS Transition Radiation Tracker (TRT)
                        proportional drift tube: Design and performance}",
      collaboration  = "ATLAS TRT",
      journal        = "JINST",
      volume         = "3",
      year           = "2008",
      pages          = "P02013",
      doi            = "10.1088/1748-0221/3/02/P02013",
      SLACcitation   = "%%CITATION = JINST,3,P02013;%%"
}

@article{Abat:2008zzb,
      author         = "Abat, E. and others",
      title          = "{The ATLAS TRT barrel detector}",
      collaboration  = "ATLAS TRT",
      journal        = "JINST",
      volume         = "3",
      year           = "2008",
      pages          = "P02014",
      doi            = "10.1088/1748-0221/3/02/P02014",
      SLACcitation   = "%%CITATION = JINST,3,P02014;%%"
}

@article{Abat:2008zz,
      author         = "Abat, E. and others",
      title          = "{The ATLAS TRT end-cap detectors}",
      journal        = "JINST",
      volume         = "3",
      year           = "2008",
      pages          = "P10003",
      doi            = "10.1088/1748-0221/3/10/P10003",
      SLACcitation   = "%%CITATION = JINST,3,P10003;%%"
}

@article{Aad:2013ucp,
      author         = "Aad, Georges and others",
      title          = "{Improved luminosity determination in pp collisions at
                        sqrt(s) = 7 TeV using the ATLAS detector at the LHC}",
      collaboration  = "ATLAS",
      journal        = "Eur. Phys. J.",
      volume         = "C73",
      year           = "2013",
      number         = "8",
      pages          = "2518",
      doi            = "10.1140/epjc/s10052-013-2518-3",
      eprint         = "1302.4393",
      archivePrefix  = "arXiv",
      primaryClass   = "hep-ex",
      reportNumber   = "CERN-PH-EP-2013-026",
      SLACcitation   = "%%CITATION = ARXIV:1302.4393;%%"
}

@techreport{Kittelmann:987854,
      author        = "Kittelmann, T H",
      title         = "{Modelling of Noise and Straw to Straw Variations in the
                       ATLAS Transition Radiation Tracker}",
      institution   = "CERN",
      address       = "Geneva",
      number        = "ATL-INDET-PUB-2008-009. ATL-COM-INDET-2006-016",
      month         = "Oct",
      year          = "2006",
      reportNumber  = "ATL-INDET-PUB-2008-009",
      url           = "https://cds.cern.ch/record/987854",
}

@article{Aaboud:2016hhf,
      author         = "Aaboud, Morad and others",
      title          = "{Luminosity determination in pp collisions at $\sqrt{s}$
                        = 8 TeV using the ATLAS detector at the LHC}",
      collaboration  = "ATLAS",
      year           = "2016",
      eprint         = "1608.03953",
      archivePrefix  = "arXiv",
      primaryClass   = "hep-ex",
      reportNumber   = "CERN-EP-2016-117",
      SLACcitation   = "%%CITATION = ARXIV:1608.03953;%%"
}

@article{Aad:2011dr,
      author         = "Aad, Georges and others",
      title          = "{Luminosity Determination in $pp$ Collisions at
                        $\sqrt{s}=7$ TeV Using the ATLAS Detector at the LHC}",
      collaboration  = "ATLAS",
      journal        = "Eur. Phys. J.",
      volume         = "C71",
      year           = "2011",
      pages          = "1630",
      doi            = "10.1140/epjc/s10052-011-1630-5",
      eprint         = "1101.2185",
      archivePrefix  = "arXiv",
      primaryClass   = "hep-ex",
      reportNumber   = "CERN-PH-EP-2010-069",
      SLACcitation   = "%%CITATION = ARXIV:1101.2185;%%"
}